<?xml version="1.0" encoding="UTF-8"?><record xmlns="http://www.loc.gov/MARC21/slim" xmlns:cinclude="http://apache.org/cocoon/include/1.0" xmlns:zs="http://www.loc.gov/zing/srw/">
  <leader>00922cz  a2200145n  4500</leader>
  <controlfield tag="001">n  83055305 </controlfield>
  <controlfield tag="003">DLC</controlfield>
  <controlfield tag="005">20120801081213.0</controlfield>
  <controlfield tag="008">830106n| acannaab           |a ana      </controlfield>
  <datafield tag="010" ind1=" " ind2=" ">
    <subfield code="a">n  83055305 </subfield>
  </datafield>
  <datafield tag="040" ind1=" " ind2=" ">
    <subfield code="a">DLC</subfield>
    <subfield code="b">eng</subfield>
    <subfield code="c">DLC</subfield>
    <subfield code="d">DLC</subfield>
  </datafield>
  <datafield tag="111" ind1="2" ind2=" ">
    <subfield code="a">Seminario sobre la Formación de Promotores de Alfabetización en el Marco del Proyecto Principal de Educación en América Latina y el Caribe</subfield>
    <subfield code="d">(1981 :</subfield>
    <subfield code="c">Managua, Nicaragua)</subfield>
  </datafield>
  <datafield tag="411" ind1="2" ind2=" ">
    <subfield code="a">Formación de Promotores de Alfabetización en el Marco del Proyecto Principal de Educación en América Latina y el Caribe, Seminario sobre la</subfield>
  </datafield>
  <datafield tag="667" ind1=" " ind2=" ">
    <subfield code="a">THIS 1XX FIELD CANNOT BE USED UNDER RDA UNTIL THIS RECORD HAS BEEN REVIEWED AND/OR UPDATED</subfield>
  </datafield>
  <datafield tag="670" ind1=" " ind2=" ">
    <subfield code="a">Its Informe final, 1982:</subfield>
    <subfield code="b">t.p. (Seminario sobre la Formación de Promotores de Alfabetización en el Marco del Proyecto Principal de Educación en América Latina y el Caribe, Managua, Nicaragua, 10 al 16 de diciembre, 1981)</subfield>
  </datafield>
</record>